<record xmlns="http://www.loc.gov/MARC21/slim" xmlns:xsi="http://www.w3.org/2001/XMLSchema-instance" xsi:schemaLocation="http://www.loc.gov/MARC21/slim http://www.loc.gov/standards/marcxml/schema/MARC21slim.xsd"><leader>01526nam a2200313   4500</leader><controlfield tag="001">22963</controlfield><controlfield tag="003">NNC</controlfield><controlfield tag="006">m        d        </controlfield><controlfield tag="007">cr cn |||m|||a</controlfield><controlfield tag="008">150110s1955    iq      o     000 1 ara d</controlfield><datafield ind1=" " ind2=" " tag="040"><subfield code="a">NNU</subfield><subfield code="b">eng</subfield><subfield code="c">NNU</subfield></datafield><datafield ind1="1" ind2=" " tag="100"><subfield code="6">880-01</subfield><subfield code="a">Ima&#772;m, Ah&#803;mad Mahdi&#772;.</subfield></datafield><datafield ind1="1" ind2="0" tag="245"><subfield code="6">880-02</subfield><subfield code="a">Madrasat al-khiya&#772;nah</subfield><subfield code="h">[electronic resource] :</subfield><subfield code="b">majmu&#772;&#699;at qis&#803;as&#803; wa&#772;qi&#699;i&#772;yah /</subfield><subfield code="c">Muh&#803;ammad Muhdi&#772; al-Ima&#772;m.</subfield></datafield><datafield ind1=" " ind2=" " tag="250"><subfield code="6">880-03</subfield><subfield code="a">al-T&#803;ab&#699;ah 1.</subfield></datafield><datafield ind1=" " ind2=" " tag="260"><subfield code="6">880-04</subfield><subfield code="a">Baghda&#772;d :</subfield><subfield code="b">[s.n.],</subfield><subfield code="c">1955.</subfield></datafield><datafield ind1=" " ind2=" " tag="300"><subfield code="a">online resource (96 p.)</subfield></datafield><datafield ind1=" " ind2=" " tag="500"><subfield code="a">Part of the Arabic Collections Online (ACO) project, contributed by Columbia University Libraries.</subfield></datafield><datafield ind1="0" ind2=" " tag="505"><subfield code="a">H&#803;ija&#772;rat al-shat&#803;ranj.--Ghafwah.--al-Afyu&#772;n.--H&#803;adatha dha&#772;t laylah.--A&#699;z&#803;am ab.--al-Muwa&#772;t&#803;in al-jadi&#772;d.--&#699;Awdat al-tha&#772;&#700;ir.</subfield></datafield><datafield ind1=" " ind2=" " tag="533"><subfield code="a">Electronic reproduction.</subfield><subfield code="b">New York, N.Y. :</subfield><subfield code="c">New York University,</subfield><subfield code="d">2015.</subfield><subfield code="5">NNU</subfield></datafield><datafield ind1="2" ind2=" " tag="710"><subfield code="a">Columbia University.</subfield><subfield code="b">Libraries.</subfield></datafield><datafield ind1="0" ind2=" " tag="730"><subfield code="a">Arabic Collections Online.</subfield></datafield><datafield ind1="0" ind2="8" tag="776"><subfield code="i">Print version:</subfield><subfield code="a">Ima&#772;m, Ah&#803;mad Mahdi&#772;.</subfield><subfield code="t">Madrasat al-khiya&#772;nah</subfield><subfield code="w">(NNC)22963</subfield><subfield code="w">(OCoLC)40685435</subfield></datafield><datafield ind1="4" ind2="0" tag="856"><subfield code="u">http://hdl.handle.net/2333.1/h9w0vvz2</subfield></datafield><datafield ind1="1" ind2=" " tag="880"><subfield code="6">100-01/r</subfield><subfield code="a">&#1575;&#1605;&#1575;&#1605;&#1548; &#1575;&#1581;&#1605;&#1583; &#1605;&#1607;&#1583;&#1610;.</subfield></datafield><datafield ind1="1" ind2="0" tag="880"><subfield code="6">245-02/r</subfield><subfield code="a">&#1605;&#1583;&#1585;&#1587;&#1577; &#1575;&#1604;&#1582;&#1610;&#1575;&#1606;&#1577; :</subfield><subfield code="b">&#1605;&#1580;&#1605;&#1608;&#1593;&#1577; &#1602;&#1589;&#1589; &#1608;&#1575;&#1602;&#1593;&#1610;&#1577; /</subfield><subfield code="c">&#1605;&#1581;&#1605;&#1583; &#1605;&#1607;&#1583;&#1610; &#1575;&#1604;&#1575;&#1605;&#1575;&#1605;.</subfield></datafield><datafield ind1=" " ind2=" " tag="880"><subfield code="6">250-03/r</subfield><subfield code="a">&#1575;&#1604;&#1591;&#1576;&#1593;&#1577; 1.</subfield></datafield><datafield ind1=" " ind2=" " tag="880"><subfield code="6">260-04/r</subfield><subfield code="a">&#1576;&#1594;&#1583;&#1575;&#1583; :</subfield><subfield code="b">[&#1587;.&#1606;.]&#1548;</subfield><subfield code="c">1955.</subfield></datafield><datafield ind1=" " ind2=" " tag="959"><subfield code="a">NNU</subfield><subfield code="b">WEB</subfield><subfield code="c">GENI</subfield><subfield code="t">0</subfield><subfield code="m">Electronic access</subfield><subfield code="s">01</subfield></datafield><datafield ind1=" " ind2=" " tag="999"><subfield code="i">NNC_22963</subfield><subfield code="o">(OCoLC)40685435</subfield></datafield></record>